@inproceedings{andriluka14cvpr,
               author = {Mykhaylo Andriluka and Leonid Pishchulin and Peter Gehler and Schiele, Bernt},
               title = {2D Human Pose Estimation: New Benchmark and State of the Art Analysis},
               booktitle = {CVPR},
               year = {2014}
}
@article{arbelaez2011contour,
  title={Contour detection and hierarchical image segmentation},
  author={Pablo Arbelaez and Michael Maire and Charless Fowlkes and Jitendra Malik},
  journal={PAMI},
  volume={33},
  number={5},
  pages={898--916},
  year={2011},
}
@article{azuma1997survey,
  title={A survey of augmented reality},
  author={Azuma, Ronald T},
  journal={Presence: Teleoperators and virtual environments},
  volume={6},
  number={4},
  pages={355--385},
  year={1997},
  publisher={MIT Press}
}
@article{ba2014multiple,
  title={Multiple object recognition with visual attention},
  author={Ba, Jimmy and Mnih, Volodymyr and Kavukcuoglu, Koray},
  journal={arXiv:1412.7755},
  year={2014}
}
@inproceedings{bahdanau2014neural,
  title={Neural machine translation by jointly learning to align and translate},
  author={Dzmitry Bahdanau and Kyunghyun Cho and Yoshua Bengio},
  booktitle={ICLR},
  year={2015}
}
@inproceedings{bengio2007greedy,
  title={Greedy layer-wise training of deep networks},
  author={Yoshua Bengio and Pascal Lamblin and Dan Popovici and Hugo Larochelle and others},
  booktitle={NIPS},
  year={2007},
}
@inproceedings{caicedo2015active,
  title={Active object localization with deep reinforcement learning},
  author={Caicedo, Juan C and Lazebnik, Svetlana},
  booktitle={ICCV},
  year={2015}
}
@inproceedings{cao2015look,
  title={Look and think twice: Capturing top-down visual attention with feedback convolutional neural networks},
  author={Cao, Chunshui and Liu, Xianming and Yang, Yi and Yu, Yinan and Wang, Jiang and Wang, Zilei and Huang, Yongzhen and Wang, Liang and Huang, Chang and Xu, Wei and others},
  booktitle={ICCV},
  year={2015}
}
@inproceedings{chen2014learning,
  title={Learning Deep Structured Models},
  author={Liang-Chieh Chen and Alexander Schwing and Alan Yuille and Raquel Urtasun},
  booktitle={ICML},
  year={2015}
}
@inproceedings{chen2014semantic,
  title={Semantic Image Segmentation with Deep Convolutional Nets and Fully Connected CRFs},
  author={Liang-Chieh Chen and George Papandreou and Iasonas Kokkinos and Kevin Murphy and Alan L Yuille},
  booktitle={ICLR}, 
  year={2015}
}
@article{chen2015abc,
  title={{ABC-CNN}: An Attention Based Convolutional Neural Network for Visual Question Answering},
  author={Chen, Kan and Wang, Jiang and Chen, Liang-Chieh and Gao, Haoyuan and Xu, Wei and Nevatia, Ram},
  journal={arXiv:1511.05960},
  year={2015}
}
@article{chen2015semantic,
  title={Semantic Image Segmentation with Task-Specific Edge Detection Using CNNs and a Discriminatively Trained Domain Transform},
  author={Chen, Liang-Chieh and Barron, Jonathan T and Papandreou, George and Murphy, Kevin and Yuille, Alan L},
  journal={arXiv:1511.03328},
  year={2015}
}

@InProceedings{chen_cvpr14,
 author       = {Xianjie Chen and Roozbeh Mottaghi and Xiaobai Liu and Sanja Fidler and Raquel Urtasun and Alan Yuille},
 title        = {Detect What You Can: Detecting and Representing Objects using Holistic Models and Body Parts},
 booktitle    = {CVPR},
 year         = {2014},
}
@inproceedings{ciresan2012multi,
  title={Multi-column deep neural networks for image classification},
  author={Dan Ciresan and Ueli Meier and J{\"u}rgen Schmidhuber},
  booktitle={CVPR},
  year={2012},
}
@inproceedings{dai2015boxsup,
  title={BoxSup: Exploiting Bounding Boxes to Supervise Convolutional Networks for Semantic Segmentation},
  author={Jifeng Dai and Kaiming He and Jian Sun},
  booktitle={ICCV},
  year={2015}
}
@inproceedings{eigen2014predicting,
  title={Predicting depth, surface normals and semantic labels with a common multi-scale convolutional architecture},
  author={David Eigen and Rob Fergus},
  booktitle={ICCV},
  year={2015}
}
@book{evening2005adobe,
  title={Adobe Photoshop CS2 for Photographers: A professional image editor's guide to the creative use of Photoshop for the Macintosh and PC},
  author={Evening, Martin},
  year={2005},
  publisher={Taylor \& Francis}
}
@article{everingham2014pascal,
  title={The Pascal Visual Object Classes Challenge: A Retrospective},
  author={Mark Everingham and SM Ali Eslami and Luc Van Gool and Christopher KI Williams and John Winn and Andrew Zisserman},
  journal={IJCV},
  volume={111},
  number={1},
  pages={98--136},
  year={2014},
  publisher={Springer}
}
@article{farabet2013learning,
  title={Learning hierarchical features for scene labeling},
  author={Clement Farabet and Camille Couprie and Laurent Najman and Yann LeCun},
  journal={PAMI},
  volume={35},
  number={8},
  pages={1915--1929},
  year={2013},
}
@article{felzenszwalb2010object,
  title={Object detection with discriminatively trained part-based models},
  author={Pedro F Felzenszwalb and Ross B Girshick and David McAllester and Deva Ramanan},
  journal={PAMI},
  volume={32},
  number={9},
  pages={1627--1645},
  year={2010},
}
@article{florack1996gaussian,
  title={The Gaussian scale-space paradigm and the multiscale local jet},
  author={Florack, Luc and Romeny, Bart Ter Haar and Viergever, Max and Koenderink, Jan},
  journal={IJCV},
  volume={18},
  number={1},
  pages={61--75},
  year={1996},
}
@inproceedings{fritsch2013new,
  title={A new performance measure and evaluation benchmark for road detection algorithms},
  author={Fritsch, Joerg and Kuhnl, Tobias and Geiger, Andreas},
  booktitle={Intelligent Transportation Systems-(ITSC), 2013 16th International IEEE Conference on},
  pages={1693--1700},
  year={2013},
  organization={IEEE}
}
@inproceedings{GastalOliveira2011DomainTransform,
  author    = {Eduardo S. L. Gastal and Manuel M. Oliveira},
  title     = {Domain Transform for Edge-Aware Image and Video Processing},
  booktitle = {SIGGRAPH},
  year      = {2011}
}

@inproceedings{girshick2014rich,
  title={Rich feature hierarchies for accurate object detection and semantic segmentation},
  author={Ross Girshick and Jeff Donahue and Trevor Darrell and Jagannath Malik},
  booktitle={CVPR},
   year={2014},
}
@inproceedings{gregor2015draw,
  title={DRAW: A recurrent neural network for image generation},
  author={Karol Gregor and Ivo Danihelka and Alex Graves and Daan Wierstra},
  booktitle={ICML},
  year={2015}
}
@inproceedings{hariharan2011semantic,
  title={Semantic contours from inverse detectors},
  author={Bharath Hariharan and Pablo Arbel{\'a}ez and Lubomir Bourdev and Subhransu Maji and Jitendra Malik},
  booktitle={ICCV},
  year={2011}
}
@inproceedings{hariharan2014hypercolumns,
  title={Hypercolumns for Object Segmentation and Fine-grained Localization},
  author={Bharath Hariharan and Pablo Arbel{\'a}ez and Ross Girshick and Jitendra Malik},
  booktitle={CVPR},
  year={2015}
}
@incollection{he2014spatial,
  title={Spatial pyramid pooling in deep convolutional networks for visual recognition},
  author={Kaiming He and Xiangyu Zhang and Shaoqing Ren and Jian Sun},
  booktitle={ECCV},
  year={2014},
}
@article{itti1998model,
  title={A model of saliency-based visual attention for rapid scene analysis},
  author={Laurent Itti and Christof Koch and Ernst Niebur},
  journal={PAMI},
  number={11},
  pages={1254--1259},
  year={1998},
}
@article{jia2014caffe,
  Author = {Yangqing Jia and Evan Shelhamer and Jeff Donahue and Sergey Karayev and Jonathan Long and Ross Girshick and Sergio Guadarrama and Trevor Darrell},
  Journal = {arXiv:1408.5093},
  Title = {Caffe: Convolutional Architecture for Fast Feature Embedding},
  Year = {2014}
}
@inproceedings{KrahenbuhlK11,
  title={Efficient Inference in Fully Connected CRFs with Gaussian Edge Potentials},
  author={Philipp Kr{\"{a}}henb{\"{u}}hl and Vladlen Koltun},
  booktitle={NIPS},      
  year={2011}
}
@inproceedings{krizhevsky2012imagenet,
  title={Imagenet classification with deep convolutional neural networks},
  author={Alex Krizhevsky and Ilya Sutskever and Geoffrey E Hinton},
  booktitle={NIPS},
  year={2012}
}
@article{lecun1998gradient,
  title={Gradient-based learning applied to document recognition},
  author={Yann LeCun and L{\'e}on Bottou and Yoshua Bengio and Patrick Haffner},
  journal={Proceedings of the IEEE},
  volume={86},
  number={11},
  pages={2278--2324},
  year={1998},
  publisher={IEEE}
}
@inproceedings{lee2014deeply,
  title={Deeply-supervised nets},
  author={Chen-Yu Lee and Saining Xie and Patrick Gallagher and Zhengyou Zhang and Zhuowen Tu},
  booktitle={AISTATS},
  year={2015}
}
@inproceedings{lin2014microsoft,
  title={Microsoft {COCO}: Common Objects in Context},
  author={Tsung-Yi Lin and Michael Maire and Serge Belongie and James Hays and Pietro Perona and Deva Ramanan and Piotr Doll{\'a}r and C Lawrence Zitnick},
  booktitle={ECCV},
  year={2014}
}
@article{lin2015efficient,
  title={Efficient piecewise training of deep structured models for semantic segmentation},
  author={Guosheng Lin and Chunhua Shen and Ian Reid and others},
  journal={arXiv:1504.01013},
  year={2015}
}
@inproceedings{liu2015semantic,
  title={Semantic Image Segmentation via Deep Parsing Network},
  author={Ziwei Liu and Xiaoxiao Li and Ping Luo and Chen Change Loy and Xiaoou Tang},
  booktitle={ICCV},
  year={2015}
}
@article{liu2015parsenet,
  title={ParseNet: Looking Wider to See Better},
  author={Wei Liu and Andrew Rabinovich and Alexander C Berg},
  journal={arXiv:1506.04579},
  year={2015}
}
@inproceedings{long2014fully,
  title={Fully Convolutional Networks for Semantic Segmentation},
  author={Jonathan Long and Evan Shelhamer and Trevor Darrell},
  booktitle={CVPR},
  year={2015}
}

@BOOK{Mall99,
  author = {Mallat, S.},
  title = {A Wavelet Tour of Signal Processing},
  publisher = {Acad. Press},
  year = {1999},
  edition = {2}
}
@inproceedings{mnih2014recurrent,
  title={Recurrent models of visual attention},
  author={Volodymyr Mnih and Nicolas Heess and Alex Graves and others},
  booktitle={NIPS},
  year={2014}
}
@inproceedings{mostajabi2014feedforward,
  title={Feedforward semantic segmentation with zoom-out features},
  author={Mohammadreza Mostajabi and Payman Yadollahpour and Gregory Shakhnarovich},
  booktitle={CVPR},
  year={2015}
}
@article{noh2015learning,
  title={Learning Deconvolution Network for Semantic Segmentation},
  author={Hyeonwoo Noh and Seunghoon Hong and Bohyung Han},
  journal={arXiv:1505.04366},
  year={2015}
}
@article{ILSVRC15,
Author = {Olga Russakovsky and Jia Deng and Hao Su and Jonathan Krause and Sanjeev Satheesh and Sean Ma and Zhiheng Huang and Andrej Karpathy and Aditya Khosla and Michael Bernstein and Alexander C. Berg and Li Fei-Fei},
Title = {{ImageNet Large Scale Visual Recognition Challenge}},
Year = {2015},
journal   = {IJCV},
pages={1-42},
}
@inproceedings{papandreou2014untangling,
  title={Untangling local and global deformations in deep convolutional networks for image classification and sliding window detection},
  author={George Papandreou and Iasonas Kokkinos and Pierre-Andr{\'e} Savalle},
  booktitle={CVPR},
  year={2015}
}
@inproceedings{papandreou2015weakly,
  title={Weakly- and Semi-Supervised Learning of a DCNN for Semantic Image Segmentation},
  author={George Papandreou and Liang-Chieh Chen and Kevin Murphy and Alan L Yuille},
  booktitle={ICCV},
  year={2015}
}
@inproceedings{wang2015joint,
  title={Joint Object and Part Segmentation using Deep Learned Potentials},
  author={Peng Wang and Xiaohui Shen and Zhe Lin and Scott Cohen and Brian Price and Alan Yuille},
  booktitle={ICCV},
  year={2015}
}
@article{pinheiro2013recurrent,
  title={Recurrent convolutional neural networks for scene parsing},
  author={Pedro HO Pinheiro and Ronan Collobert},
  journal={arXiv:1306.2795},
  year={2013}
}
@inproceedings{sermanet2013overfeat,
  title={Overfeat: Integrated recognition, localization and detection using convolutional networks},
  author={Pierre Sermanet and David Eigen and Xiang Zhang and Micha{\"e}l Mathieu and Rob Fergus and Yann LeCun},
  booktitle={ICLR},
  year={2014}
}
@article{sharma2015action,
  title={Action Recognition using Visual Attention},
  author={Sharma, Shikhar and Kiros, Ryan and Salakhutdinov, Ruslan},
  journal={arXiv:1511.04119},
  year={2015}
}
@inproceedings{simonyan2014very,
  title={Very deep convolutional networks for large-scale image recognition},
  author={Karen Simonyan and Andrew Zisserman},
  booktitle={ICLR},
  year={2015}
}
@article{szegedy2014going,
  title={Going deeper with convolutions},
  author={Christian Szegedy and Wei Liu and Yangqing Jia and Pierre Sermanet and Scott Reed and Dragomir Anguelov and Dumitru Erhan and Vincent Vanhoucke and Andrew Rabinovich},
  journal={arXiv:1409.4842},
  year={2014}
}
@article{tsogkas2015semantic,
  title={Semantic Part Segmentation with Deep Learning},
  author={Stavros Tsogkas and Iasonas Kokkinos and George Papandreou and Andrea Vedaldi},
  journal={arXiv:1505.02438},
  year={2015}
}
@inproceedings{wang2014semantic,
  title={Semantic part segmentation using compositional model combining shape and appearance},
  author={Jianyu Wang and Alan Yuille},
  booktitle={CVPR},
  year={2015}
}
@article{weber1995robust,
  title={Robust computation of optical flow in a multi-scale differential framework},
  author={Joseph Weber and Jitendra Malik},
  journal={IJCV},
  volume={14},
  number={1},
  pages={67--81},
  year={1995},
}
@inproceedings{xiao2015application,
  title={The application of two-level attention models in deep convolutional neural network for fine-grained image classification},
  author={Xiao, Tianjun and Xu, Yichong and Yang, Kuiyuan and Zhang, Jiaxing and Peng, Yuxin and Zhang, Zheng},
  booktitle={CVPR},
  year={2015}
}
@inproceedings{xie2015holistically,
  title={Holistically-Nested Edge Detection},
  author={Saining Xie and Zhuowen Tu},
  booktitle={ICCV},
  year={2015}
}
@article{xu2015show,
  title={Show, attend and tell: Neural image caption generation with visual attention},
  author={Xu, Kelvin and Ba, Jimmy and Kiros, Ryan and Courville, Aaron and Salakhutdinov, Ruslan and Zemel, Richard and Bengio, Yoshua},
  journal={arXiv:1502.03044},
  year={2015}
}
@inproceedings{yao2015describing,
  title={Describing videos by exploiting temporal structure},
  author={Yao, Li and Torabi, Atousa and Cho, Kyunghyun and Ballas, Nicolas and Pal, Christopher and Larochelle, Hugo and Courville, Aaron},
  booktitle={ICCV},
  year={2015}
}
@inproceedings{yoo2015attentionnet,
  title={AttentionNet: Aggregating Weak Directions for Accurate Object Detection},
  author={Yoo, Donggeun and Park, Sunggyun and Lee, Joon-Young and Paek, Anthony S and So Kweon, In},
  booktitle={ICCV},
  year={2015}
}
@inproceedings{zheng2015conditional,
  title={Conditional Random Fields as Recurrent Neural Networks},
  author={Shuai Zheng and Sadeep Jayasumana and Bernardino Romera-Paredes and Vibhav Vineet and Zhizhong Su and Dalong Du and Chang Huang and Philip Torr},
  booktitle={ICCV},
  year={2015}
}
