@inproceedings{adams2010fast,
  title={Fast High-Dimensional Filtering Using the Permutohedral Lattice},
  author={Andrew Adams and Jongmin Baek and Myers Abraham Davis},
  booktitle={Eurographics},
  year={2010}
}

@Article{amfm_pami2011,
 author = {Arbelaez, Pablo and Maire, Michael and Fowlkes, Charless and Malik, Jitendra},
 title = {Contour Detection and Hierarchical Image Segmentation},
 journal = {PAMI},
 issue_date = {May 2011},
 volume = {33},
 number = {5},
 month = may,
 year = {2011},
 issn = {0162-8828},
 pages = {898--916},
 numpages = {19},
 url = {http://dx.doi.org/10.1109/TPAMI.2010.161},
 doi = {10.1109/TPAMI.2010.161},
 acmid = {1963088},
 publisher = {IEEE Computer Society},
 address = {Washington, DC, USA},
 keywords = {Contour detection, image segmentation, computer vision.},
} 

@inproceedings{arbelaez2014multiscale,
  title={Multiscale Combinatorial Grouping},
  author={Pablo Arbel{\'a}ez and Jordi Pont-Tuset and Jonathan T Barron and Ferran Marques and Jitendra Malik},
  year={2014},
  booktitle={CVPR}
}

@article{bell2014material,
  title={Material recognition in the wild with the Materials in Context Database},
  author={Sean Bell and Paul Upchurch and Noah Snavely and Kavita Bala},
  journal={arXiv:1412.0623},
  year={2014}
}

@inproceedings{bertasius2014deepedge,
  title={DeepEdge: A Multi-Scale Bifurcated Deep Network for Top-Down Contour Detection},
  author={Gedas Bertasius and Jianbo Shi and Lorenzo Torresani},
  booktitle={CVPR},
  year={2015}
}


@inproceedings{bertasius2015high,
  title={High-for-Low and Low-for-High: Efficient Boundary Detection from Deep Object Features and its Applications to High-Level Vision},
  author={Gedas Bertasius and Jianbo Shi and Lorenzo Torresani},
  booktitle={ICCV},
  year={2015}
}

@inproceedings{BingObj2014,
  title={{BING}: Binarized Normed Gradients for Objectness Estimation at 300fps},
  author={Ming-Ming Cheng and Ziming Zhang and Wen-Yan Lin and Philip H. S. Torr},
  booktitle={CVPR},
  year={2014},
}

@inproceedings{byeon2015scene,
  title={Scene Labeling with LSTM Recurrent Neural Networks},
  author={Wonmin Byeon and Thomas M Breuel and Federico Raue and Marcus Liwicki},
  booktitle={CVPR},
  year={2015}
}

@article{carreira2012cpmc,
  title={{CPMC}: Automatic object segmentation using constrained parametric min-cuts},
  author={Joao Carreira and Cristian Sminchisescu},
  journal={PAMI},
  volume={34},
  number={7},
  pages={1312--1328},
  year={2012},
}
@article{cho2014properties,
  title={On the properties of neural machine translation: Encoder-decoder approaches},
  author={Kyunghyun Cho and Bart van Merri{\"e}nboer and Dzmitry Bahdanau and Yoshua Bengio},
  journal={arXiv:1409.1259},
  year={2014}
}
@inproceedings{chen2014beat,
  title={Beat the mturkers: Automatic image labeling from weak 3d supervision},
  author={Liang-Chieh Chen and Sanja Fidler and Alan L. Yuille and Raquel Urtasun},
  booktitle={CVPR},
  year={2014}
}
@inproceedings{chen2014learning,
  title={Learning Deep Structured Models},
  author={Liang-Chieh Chen and Alexander Schwing and Alan Yuille and Raquel Urtasun},
  booktitle={ICML},
  year={2015}
}

@inproceedings{chen2014semantic,
  title={Semantic Image Segmentation with Deep Convolutional Nets and Fully Connected CRFs},
  author={Liang-Chieh Chen and George Papandreou and Iasonas Kokkinos and Kevin Murphy and Alan L Yuille},
  booktitle={ICLR},
  url={arXiv:1412.7062v3},
  year={2015}
}
@article{chen2015attention,
  title={Attention to Scale: Scale-aware Semantic Image Segmentation},
  author={Liang-Chieh Chen and Yi Yang and Jiang Wang and Wei Xu and Alan L Yuille},
  journal={arXiv:1511.03339},
  year={2015}
}

@article{chung2014empirical,
  title={Empirical evaluation of gated recurrent neural networks on sequence modeling},
  author={Junyoung Chung and Caglar Gulcehre and KyungHyun Cho and Yoshua Bengio},
  journal={arXiv:1412.3555},
  year={2014}
}
@article{cour2011learning,
  title={Learning from partial labels},
  author={Cour, Timothee and Sapp, Ben and Taskar, Ben},
  journal={JMLR},
  volume={12},
  pages={1501--1536},
  year={2011}
}

@article{dai2014convolutional,
  title={Convolutional Feature Masking for Joint Object and Stuff Segmentation},
  author={Jifeng Dai and Kaiming He and Jian Sun},
  journal={arXiv:1412.1283},
  year={2014}
}

@inproceedings{dai2015boxsup,
  title={BoxSup: Exploiting Bounding Boxes to Supervise Convolutional Networks for Semantic Segmentation},
  author={Jifeng Dai and Kaiming He and Jian Sun},
  booktitle={ICCV},
  year={2015}
}

@article{delong2012fast,
  title={Fast approximate energy minimization with label costs},
  author={Delong, Andrew and Osokin, Anton and Isack, Hossam N and Boykov, Yuri},
  journal={IJCV},
  OPTvolume={96},
  OPTnumber={1},
  OPTpages={1--27},
  year={2012},
}

@inproceedings{deng2009imagenet,
  title={{ImageNet}: A large-scale hierarchical image database},
  author={Jia Deng and Wei Dong and Richard Socher and Li-Jia Li and Kai Li and Li Fei-Fei},
  booktitle={CVPR},
  year={2009}
}
@inproceedings{dollar2013structured,
  title={Structured forests for fast edge detection},
  author={Piotr Doll{\'a}r and C Lawrence Zitnick},
  booktitle={ICCV},
  year={2013}
}

@inproceedings{duygulu2002object,
  title={Object recognition as machine translation: Learning a lexicon for a fixed image vocabulary},
  author={Pinar Duygulu and Kobus Barnard and Joao FG de Freitas and David A Forsyth},
  booktitle={ECCV},
  year={2002}
}

@article{eigen2014predicting,
  title={Predicting Depth, Surface Normals and Semantic Labels with a Common Multi-Scale Convolutional Architecture},
  author={David Eigen and Rob Fergus},
  journal={arXiv:1411.4734},
  year={2014}
}

@article{elman1990finding,
  title={Finding structure in time},
  author={Jeffrey L Elman},
  journal={Cognitive science},
  volume={14},
  number={2},
  pages={179--211},
  year={1990},
  publisher={Elsevier}
}

@article{everingham2014pascal,
  title={The Pascal Visual Object Classes Challenge â€“ a Retrospective},
  author={Mark Everingham and S. M. Ali Eslami and Luc Van Gool and Christopher K. I. Williams and John Winn and Andrew Zisserma},
  journal={IJCV},
  year={2014}
}

@article{farabet2013learning,
  title={Learning hierarchical features for scene labeling},
  author={Cl{\'e}ment Farabet and Camille Couprie and Laurent Najman and Yann LeCun},
  journal={PAMI},
  year={2013}
}
@inproceedings{ganin2014n,
  title={N\^{}4-Fields: Neural Network Nearest Neighbor Fields for Image Transforms},
  author={Yaroslav Ganin and Victor Lempitsky},
  booktitle={ACCV},
  year={2014}
}
@inproceedings{GastalOliveira2011DomainTransform,
  author    = {Eduardo S. L. Gastal and Manuel M. Oliveira},
  title     = {Domain Transform for Edge-Aware Image and Video Processing},
  booktitle = {SIGGRAPH},
  year      = {2011}
}
@inproceedings{graves2009offline,
  title={Offline handwriting recognition with multidimensional recurrent neural networks},
  author={Alex Graves and J{\"u}rgen Schmidhuber},
  booktitle={NIPS},
  year={2009}
}
@article{guillaumin2014imagenet,
  title={ImageNet Auto-annotation with Segmentation Propagation},
  author={Matthieu Guillaumin and Daniel K{\"u}ttel and Vittorio Ferrari},
  journal={IJCV},
  volume={110},
  number={3},
  pages={328--348},
  year={2014},
}

@inproceedings{hariharan2011semantic,
  title={Semantic contours from inverse detectors},
  author={Bharath Hariharan and Pablo Arbel{\'a}ez and Lubomir Bourdev and Subhransu Maji and Jitendra Malik},
  booktitle={ICCV},
  year={2011}
}

@inproceedings{hariharan2014hypercolumns,
  title={Hypercolumns for Object Segmentation and Fine-grained Localization},
  author={Bharath Hariharan and Pablo Arbel{\'a}ez and Ross Girshick and Jitendra Malik},
  booktitle={CVPR},
  year={2015}
}
@article{hochreiter1997long,
  title={Long short-term memory},
  author={Hochreiter, Sepp and Schmidhuber, J{\"u}rgen},
  journal={Neural computation},
  volume={9},
  number={8},
  pages={1735--1780},
  year={1997}
}
@inproceedings{Hoffman14Lsda,
   Author = {Judy Hoffman and Sergio Guadarrama and Eric Tzeng and 
   		Ronghang Hu and Jeff Donahue and Ross Girshick and 
	   	Trevor Darrell and Kate Saenko},
   Title = { {LSDA}: Large Scale Detection through Adaptation},
   Year  = {2014},
   booktitle = {NIPS}
}
@inproceedings{hwang2015pixel,
  title={Pixel-wise deep learning for contour detection},
  author={Jyh-Jing Hwang and Tyng-Luh Liu},
  booktitle={ICLR},
  year={2015}
}
@article{jia2014caffe,
  Author = {Yangqing Jia and others},
  Journal = {arXiv:1408.5093},
  Title = {Caffe: Convolutional Architecture for Fast Feature Embedding},
  Year = {2014}
}
%  Author = {Yangqing Jia and Evan Shelhamer and Jeff Donahue and Sergey Karayev and Jonathan Long and Ross Girshick and Sergio Guadarrama and Trevor Darrell},

@inproceedings{kivinen2014visual,
  title={Visual boundary prediction: A deep neural prediction network and quality dissection},
  author={Jyri J Kivinen and Christopher K. I. Williams and Nicolas Heess},
  booktitle={AISTATS},
  year={2014}
}
@article{kohli2009robust,
  title={Robust higher order potentials for enforcing label consistency},
  author={Pushmeet Kohli and Philip HS Torr and others},
  journal={IJCV},
  volume={82},
  number={3},
  pages={302--324},
  year={2009}
}

@inproceedings{kokkinos2016pushing,
  title={Pushing the boundaries of boundary detection using deep learning},
  author={Iasonas Kokkinos},
  booktitle={ICLR},
  year={2016}
}

@article{konishi2003statistical,
  title={Statistical edge detection: Learning and evaluating edge cues},
  author={Konishi, Scott and Yuille, Alan L and Coughlan, James M and Zhu, Song Chun},
  journal={PAMI},
  volume={25},
  number={1},
  pages={57--74},
  year={2003},
}

@inproceedings{krahenbuhl2011efficient,
  title={Efficient Inference in Fully Connected CRFs with Gaussian Edge Potentials},
  author={Philipp Kr{\"a}henb{\"u}hl and Vladlen Koltun},
  booktitle={NIPS},
  year={2011}
}

@inproceedings{kuck2005individuals,
  title = "Learning about individuals from group statistics",
  author = "Hendrik Kuck and Nando de Freitas",
  year = "2005",
  booktitle = "UAI",
  OPTpages = "332--339",
}

@inproceedings{kuettel2012segmentation,
  title={Segmentation propagation in imagenet},
  author={Daniel Kuettel and Matthieu Guillaumin and Vittorio Ferrari},
  booktitle={ECCV},
  year={2012}
}

@inproceedings{kumar2011learning,
  title={Learning specific-class segmentation from diverse data},
  author={M Pawan Kumar and Haithem Turki and Dan Preston and Daphne Koller},
  booktitle={ICCV},
  year={2011},
}
@article{lecun1989backpropagation,
  title={Backpropagation applied to handwritten zip code recognition},
  author={Yann LeCun and Bernhard Boser and John S Denker and Donnie Henderson and Richard E Howard and Wayne Hubbard and Lawrence D Jackel},
  journal={Neural computation},
  volume={1},
  number={4},
  pages={541--551},
  year={1989},
  publisher={MIT Press}
}
@inproceedings{lempitsky2009image,
  title={Image segmentation with a bounding box prior},
  author={Victor Lempitsky and Pushmeet Kohli and Carsten Rother and Toby Sharp},
  booktitle={ICCV},
  year={2009}
}

@inproceedings{li2014high,
  title={High order regularization for semi-supervised learning of structured output problems},
  author={Li, Yujia and Zemel, Rich},
  booktitle={ICML},
  OPTpages={1368--1376},
  year={2014}
}

@inproceedings{lin2014microsoft,
  title={Microsoft {COCO}: Common objects in context},
  author={Tsung-Yi Lin and others},
  booktitle={ECCV},
  year={2014}
}
% author={Tsung-Yi Lin and Michael Maire and Serge Belongie and James Hays and Pietro Perona and Deva Ramanan and Piotr Doll{\'a}r and C Lawrence Zitnick},

@article{lin2015efficient,
  title={Efficient piecewise training of deep structured models for semantic segmentation},
  author={Guosheng Lin and Chunhua Shen and Ian Reid and others},
  journal={arXiv:1504.01013},
  year={2015}
}
@inproceedings{liu2015semantic,
  title={Semantic Image Segmentation via Deep Parsing Network},
  author={Ziwei Liu and Xiaoxiao Li and Ping Luo and Chen Change Loy and Xiaoou Tang},
  booktitle={ICCV},
  year={2015}
}
@inproceedings{long2014fully,
  title={Fully Convolutional Networks for Semantic Segmentation},
  author={Jonathan Long and Evan Shelhamer and Trevor Darrell},
  booktitle={CVPR},
  year={2015}
}

@ARTICLE{Lu2013sports,
   title       = "Learning to track and identify players from broadcast sports videos",
   author      = "Wei-Lwun Lu and Jo-Anne Ting and James J Little and Kevin P Murphy",
   journal     = "PAMI",
   OPTvolume      =  35,
   OPTnumber      =  7,
   OPTpages       = "1704--1716",
   year        =  2013
 }
@BOOK{Mall99,
  author = {Mallat, S.},
  title = {A Wavelet Tour of Signal Processing},
  publisher = {Acad. Press},
  year = {1999},
  edition = {2}
}
@inproceedings{mostajabi2014feedforward,
  title={Feedforward semantic segmentation with zoom-out features},
  author={Mohammadreza Mostajabi and Payman Yadollahpour and Gregory Shakhnarovich},
  booktitle={CVPR},
  year={2015}
}
@inproceedings{noh2015learning,
  title={Learning Deconvolution Network for Semantic Segmentation},
  author={Hyeonwoo Noh and Seunghoon Hong and Bohyung Han},
  booktitle={ICCV},
  year={2015}
}
@inproceedings{oquab2014weakly,
  title={Weakly supervised object recognition with convolutional neural networks},
  author={Maxime Oquab and L{\'e}on Bottou and Ivan Laptev and Josef Sivic},
  booktitle={NIPS},
  year={2014}
}

@article{papandreou2014untangling,
  title={Untangling Local and Global Deformations in Deep Convolutional Networks for Image Classification and Sliding Window Detection},
  author={George Papandreou and Iasonas Kokkinos and Pierre-Andr{\'e} Savalle},
  journal={arXiv:1412.0296},
  year={2014}
}
@inproceedings{papandreou2015weakly,
  title={Weakly- and Semi-Supervised Learning of a DCNN for Semantic Image Segmentation},
  author={George Papandreou and Liang-Chieh Chen and Kevin Murphy and Alan L Yuille},
  booktitle={ICCV},
  year={2015}
}
@article{pathak2014fully,
  title={Fully Convolutional Multi-Class Multiple Instance Learning},
  author={Deepak Pathak and Evan Shelhamer and Jonathan Long and Trevor Darrell},
  journal={arXiv:1412.7144},
  year={2014}
}

@article{pinheiro2014weakly,
  title={Weakly Supervised Semantic Segmentation with Convolutional Networks},
  author={Pedro O Pinheiro and Ronan Collobert},
  journal={arXiv:1411.6228},
  year={2014}
}

@inproceedings{pinheiro2014recurrent,
  title={Recurrent Convolutional Neural Networks for Scene Labeling},
  author={Pinheiro, Pedro and Collobert, Ronan},
  booktitle={ICML},
  OPTpages={82--90},
  year={2014}
}

@inproceedings{pletscher2012learning,
  title={Learning low-order models for enforcing high-order statistics},
  author={Pletscher, Patrick and Kohli, Pushmeet},
  booktitle={AISTATS},
  OPTpages={886--894},
  year={2012}
}

@inproceedings{rother2004grabcut,
  title={{GrabCut}: Interactive foreground extraction using iterated graph cuts},
  author={Carsten Rother and Vladimir Kolmogorov and Andrew Blake},
  booktitle={SIGGRAPH},
  year={2004}
}

@inproceedings{sainath2015convolutional,
  title={Convolutional, long short-term memory, fully connected deep neural networks},
  author={Tara N. Sainath and Oriol Vinyals and Andrew Senior and Hasim Sak},
  booktitle={ICASSP},
  year={2015}
}

@article{schwing2015fully,
  title={Fully connected deep structured networks},
  author={Alexander G Schwing and Raquel Urtasun},
  journal={arXiv:1503.02351},
  year={2015}
}

@inproceedings{shen2015deepcontour,
  title={DeepContour: A Deep Convolutional Feature Learned by Positive-sharing Loss for Contour Detection},
  author={Wei Shen and Xinggang Wang and Yan Wang and Xiang Bai and Zhijiang Zhang},
  booktitle={CVPR},
  year={2015}
}
@article{shuai2015dag,
  title={DAG-Recurrent Neural Networks For Scene Labeling},
  author={Bing Shuai and Zhen Zuo and Gang Wang and Bing Wang},
  journal={arXiv:1509.00552},
  year={2015}
}
@inproceedings{simonyan2014very,
  title={Very deep convolutional networks for large-scale image recognition},
  author={Karen Simonyan and Andrew Zisserman},
  booktitle={ICLR},
  year={2015}
}
@inproceedings{socher2012convolutional,
  title={Convolutional-recursive deep learning for 3d object classification},
  author={Richard Socher and Brody Huval and Bharath Bath and Christopher D Manning and Andrew Y Ng},
  booktitle={NIPS},
  year={2012}
}
@inproceedings{song2014learning,
  title={On learning to localize objects with minimal supervision},
  author={Hyun Oh Song and Ross Girshick and Stefanie Jegelka and Julien Mairal and Zaid Harchaoui and Trevor Darrell},
  booktitle={ICML},
  year={2014}
}

@inproceedings{tarlow2012fast,
  title={Fast Exact Inference for Recursive Cardinality Models},
  author={Tarlow, Daniel and Swersky, Kevin and Zemel, Richard S and Adams, Ryan P and Frey, Brendan J},
  booktitle={UAI},
  year={2012}
}

@inproceedings{verbeek2007region,
  title={Region classification with markov field aspect models},
  author={Jakob Verbeek and Bill Triggs},
  booktitle={CVPR},
  year={2007}
}

@inproceedings{vezhnevets2010towards,
  title={Towards weakly supervised semantic segmentation by means of multiple instance and multitask learning},
  author={Alexander Vezhnevets and Joachim M Buhmann},
  booktitle={CVPR},
  year={2010}
}

@inproceedings{vezhnevets2011weakly,
  title={Weakly supervised semantic segmentation with a multi-image model},
  author={Alexander Vezhnevets and Vittorio Ferrari and Joachim M Buhmann},
  booktitle={ICCV},
  year={2011}
}

@inproceedings{vezhnevets2012weakly,
  title={Weakly supervised structured output learning for semantic segmentation},
  author={Alexander Vezhnevets and Vittorio Ferrari and Joachim M Buhmann},
  booktitle={CVPR},
  year={2012}
}

@article{vineet2014filter,
  title={Filter-based mean-field inference for random fields with higher-order terms and product label-spaces},
  author={Vineet, Vibhav and Warrell, Jonathan and Torr, Philip HS},
  journal={IJCV},
  volume={110},
  number={3},
  pages={290--307},
  year={2014},
}

@inproceedings{WuMilcut,
  title={{MILCut}: A Sweeping Line Multiple Instance Learning Paradigm for Interactive Image Segmentation},
  author={Jiajun Wu and Yibiao Zhao and Jun-Yan Zhu and Siwei Luo and Zhuowen Tu},
  booktitle={CVPR},
  year={2014}
}

@inproceedings{xia2013semantic,
  title={Semantic Segmentation without Annotating Segments},
  author={Wei Xia and Csaba Domokos and Jian Dong and Loong-Fah Cheong and Shuicheng Yan},
  booktitle={ICCV},
  year={2013}
}

@inproceedings{xie2015holistically,
  title={Holistically-Nested Edge Detection},
  author={Saining Xie and Zhuowen Tu},
  booktitle={ICCV},
  year={2015}
}

@inproceedings{xu2014tell,
  title={Tell me what you see and {I} will show you where it is},
  author={Jia Xu and Alexander G Schwing and Raquel Urtasun},
  booktitle={CVPR},
  year={2014}
}

@inproceedings{xu2015learning,
  title={Learning to Segment Under Various Forms of Weak Supervision},
  author={Jia Xu and Alexander G Schwing and Raquel Urtasun},
  booktitle={CVPR},
  year={2015}
}
@inproceedings{zhu2014learning,
  title={Learning From Weakly Supervised Data by The Expectation Loss SVM (e-SVM) algorithm},
  author={Jun Zhu and Junhua Mao and Alan L Yuille},
  booktitle={NIPS},
  year={2014}
}

@inproceedings{zheng2015conditional,
  title={Conditional Random Fields as Recurrent Neural Networks},
  author={Shuai Zheng and Sadeep Jayasumana and Bernardino Romera-Paredes and Vibhav Vineet and Zhizhong Su and Dalong Du and Chang Huang and Philip Torr},
  booktitle={ICCV},
  year={2015}
}

@article{ILSVRC15,
Author = {Olga Russakovsky and Jia Deng and Hao Su and Jonathan Krause and Sanjeev Satheesh and Sean Ma and Zhiheng Huang and Andrej Karpathy and Aditya Khosla and Michael Bernstein and Alexander C. Berg and Li Fei-Fei},
Title = {{ImageNet Large Scale Visual Recognition Challenge}},
Year = {2015},
journal   = {IJCV}
}

@article{Sukhbaatar14, 
 title = "Learning from Noisy Labels with Deep Neural Networks",
 author = "Sainbayar Sukhbaatar and Rob Fergus",
 year = 2014,
 journal = "arxiv:1406.2080"
}

@ARTICLE{Ganchev2010,
  title     = "Posterior Regularization for Structured Latent Variable Models",
  author    = "Ganchev, Kuzman and Gra\c{c}a, Jo\~{a}o and Gillenwater,
               Jennifer and Taskar, Ben",
  journal   = "J. Mach. Learn. Res.",
  volume    =  11,
  pages     = "2001--2049",
  month     =  aug,
  year      =  2010
}

@inproceedings{Pinheiro2015,
  title={From Image-level to Pixel-level Labeling with Convolutional Networks},
  author={Pedro Pinheiro and Ronan Collobert},
  booktitle = {CVPR},
  year = {2015},
}

@article{visin2015renet,
  title={ReNet: A Recurrent Neural Network Based Alternative to Convolutional Networks},
  author={Francesco Visin and Kyle Kastner and Kyunghyun Cho and Matteo Matteucci and Aaron Courville and Yoshua Bengio},
  journal={arXiv:1505.00393},
  year={2015}
}
@inproceedings{Viola06,
 author = "P. Viola and J. Platt and C. Zhang",
 title = "Multiple instance boosting for object detection",
 year = 2006,
 booktitle = "NIPS-18",
 pages = "1417-1424"
}
@inproceedings{zeiler2011adaptive,
  title={Adaptive deconvolutional networks for mid and high level feature learning},
  author={Matthew D Zeiler and Graham W Taylor and Rob Fergus},
  booktitle={ICCV},
  year={2011}
}
