@article{felzenszwalb2010object,
  title={Object detection with discriminatively trained part-based models},
  author={Pedro F Felzenszwalb and Ross B Girshick and David McAllester and Deva Ramanan},
  journal={PAMI},
  volume={32},
  number={9},
  pages={1627--1645},
  year={2010},
}